<record><leader>00000cas a22000007a 4500</leader><controlfield tag="001">13543236</controlfield><controlfield tag="008">860508d18281831pauwr ne      0    0eng  </controlfield><controlfield tag="009">466</controlfield><datafield ind1=" " ind2=" " tag="010"><subfield code="a">sn 86071459 </subfield></datafield><datafield ind1=" " ind2=" " tag="040"><subfield code="a">DLC</subfield><subfield code="b">eng</subfield><subfield code="c">DLC</subfield></datafield><datafield ind1="1" ind2=" " tag="029"><subfield code="a">AU@</subfield><subfield code="b">000025785815</subfield></datafield><datafield ind1=" " ind2=" " tag="042"><subfield code="a">msc</subfield></datafield><datafield ind1="0" ind2="0" tag="050"><subfield code="a">Newspaper 9442</subfield></datafield><datafield ind1="0" ind2=" " tag="130"><subfield code="a">Statesman (Harrisburg, Pa.)</subfield></datafield><datafield ind1="0" ind2="4" tag="245"><subfield code="a">The Statesman.</subfield></datafield><datafield ind1=" " ind2=" " tag="260"><subfield code="a">Harrisburg, Pa. :</subfield><subfield code="b">John M'Cord,</subfield><subfield code="c">1828-</subfield></datafield><datafield ind1=" " ind2=" " tag="300"><subfield code="a">v. ;</subfield><subfield code="c">52 cm.</subfield></datafield><datafield ind1=" " ind2=" " tag="310"><subfield code="a">Weekly</subfield></datafield><datafield ind1="0" ind2=" " tag="362"><subfield code="a">Vol. 1, no. 1 (July 7, 1828)-</subfield></datafield><datafield ind1="1" ind2=" " tag="362"><subfield code="a">Ceased in Mar. 1831.</subfield><subfield code="z">Cf. Rossell, G.E.  Pa. newspapers, 1978.</subfield></datafield><datafield ind1=" " ind2=" " tag="752"><subfield code="a">United States</subfield><subfield code="b">Pennsylvania</subfield><subfield code="c">Dauphin</subfield><subfield code="d">Harrisburg.</subfield></datafield><datafield ind1="0" ind2="7" tag="785"><subfield code="t">Republican and anti-Masonic inquirer</subfield><subfield code="w">(DLC)sn 83032141</subfield></datafield><datafield ind1="0" ind2="7" tag="785"><subfield code="t">Statesman and anti-Masonic Republican</subfield><subfield code="w">(DLC)sn 84035963</subfield></datafield></record>